<record><leader>00000cas a22000007a 4500</leader><controlfield tag="001">16314453</controlfield><controlfield tag="008">870729d19771980pauwr ne      0    0eng d</controlfield><datafield ind1=" " ind2=" " tag="010"><subfield code="a">sn 87080454 </subfield></datafield><datafield ind1=" " ind2=" " tag="040"><subfield code="a">NPH</subfield><subfield code="b">eng</subfield><subfield code="c">NPH</subfield><subfield code="d">NSD</subfield><subfield code="d">OCLCQ</subfield></datafield><datafield ind1=" " ind2=" " tag="042"><subfield code="a">msc</subfield></datafield><datafield ind1="0" ind2=" " tag="130"><subfield code="a">Voice (Clarks Summit, Pa.)</subfield></datafield><datafield ind1="1" ind2="4" tag="245"><subfield code="a">The voice.</subfield></datafield><datafield ind1="3" ind2="0" tag="246"><subfield code="a">Abington voice</subfield></datafield><datafield ind1=" " ind2=" " tag="260"><subfield code="a">Clarks Summit, Pa. :</subfield><subfield code="b">Raymond Beninato</subfield></datafield><datafield ind1=" " ind2=" " tag="300"><subfield code="a">v. :</subfield><subfield code="b">ill. ;</subfield><subfield code="c">58 cm.</subfield></datafield><datafield ind1=" " ind2=" " tag="310"><subfield code="a">Weekly</subfield></datafield><datafield ind1="1" ind2=" " tag="362"><subfield code="a">Began in 1977; ceased in 1980?</subfield></datafield><datafield ind1=" " ind2=" " tag="500"><subfield code="a">Editor: Raymond Beninato, &lt;1977-1980&gt;.</subfield></datafield><datafield ind1=" " ind2=" " tag="588"><subfield code="a">Description based on: Vol. 3, no. 28 (July 14, 1977).</subfield></datafield><datafield ind1=" " ind2=" " tag="752"><subfield code="a">United States</subfield><subfield code="b">Pennsylvania</subfield><subfield code="c">Lackawanna</subfield><subfield code="d">Clarks Summit.</subfield></datafield><datafield ind1="0" ind2="0" tag="780"><subfield code="t">Abington voice</subfield><subfield code="w">(DLC)sn 87080453</subfield></datafield><datafield ind1="0" ind2="4" tag="785"><subfield code="t">Abington journal (Clarks Summit, Pa.)</subfield><subfield code="x">1058-6865</subfield><subfield code="w">(DLC)sn 87080455</subfield><subfield code="w">(OCoLC)16314432</subfield></datafield></record>